<record><leader>00000cas a22000007a 4500</leader><controlfield tag="001">9419247</controlfield><controlfield tag="008">830416d18951895ohuwr ne      0    0eng d</controlfield><controlfield tag="009">3783</controlfield><datafield ind1=" " ind2=" " tag="010"><subfield code="a">sn 83035108 </subfield></datafield><datafield ind1=" " ind2=" " tag="040"><subfield code="a">NPY</subfield><subfield code="b">eng</subfield><subfield code="c">NPY</subfield></datafield><datafield ind1="1" ind2=" " tag="029"><subfield code="a">AU@</subfield><subfield code="b">000025838827</subfield></datafield><datafield ind1=" " ind2=" " tag="042"><subfield code="a">msc</subfield></datafield><datafield ind1="0" ind2="4" tag="245"><subfield code="a">The Ravenna graphic.</subfield></datafield><datafield ind1=" " ind2=" " tag="260"><subfield code="a">Ravenna, Ohio :</subfield><subfield code="b">C.W.S. Wilgus,</subfield><subfield code="c">1895.</subfield></datafield><datafield ind1=" " ind2=" " tag="300"><subfield code="a">1 v. :</subfield><subfield code="b">ill. ;</subfield><subfield code="c">54 cm.</subfield></datafield><datafield ind1=" " ind2=" " tag="310"><subfield code="a">Weekly</subfield></datafield><datafield ind1="0" ind2=" " tag="362"><subfield code="a">Vol. 2, no. 50 (May 31, 1895)-v. 3, no. 7 (Aug. 16, 1895).</subfield></datafield><datafield ind1=" " ind2=" " tag="500"><subfield code="a">Published on Friday.</subfield></datafield><datafield ind1=" " ind2=" " tag="500"><subfield code="a">Editor: F.E. Denton.</subfield></datafield><datafield ind1="1" ind2=" " tag="700"><subfield code="a">Wilgus, C. W. S.</subfield></datafield><datafield ind1=" " ind2=" " tag="752"><subfield code="a">United States</subfield><subfield code="b">Ohio</subfield><subfield code="c">Portage</subfield><subfield code="d">Ravenna.</subfield></datafield><datafield ind1="0" ind2="0" tag="780"><subfield code="t">Graphic</subfield><subfield code="c">(Ravenna, Ohio : 1893)</subfield><subfield code="w">(DLC)sn 83035047</subfield></datafield><datafield ind1="0" ind2="4" tag="785"><subfield code="t">Ravenna Republican</subfield><subfield code="w">(DLC)sn 83035078</subfield></datafield></record>